<record><leader>00000cas a22000007a 4500</leader><controlfield tag="001">23108975</controlfield><controlfield tag="008">910215d18921900coudn ne      0    0eng d</controlfield><datafield ind1=" " ind2=" " tag="010"><subfield code="a">sn 91052103 </subfield></datafield><datafield ind1=" " ind2=" " tag="040"><subfield code="a">CNQ</subfield><subfield code="b">eng</subfield><subfield code="c">CNQ</subfield><subfield code="d">OCLCQ</subfield></datafield><datafield ind1=" " ind2=" " tag="042"><subfield code="a">msc</subfield></datafield><datafield ind1="0" ind2=" " tag="130"><subfield code="a">Avalanche (Glenwood Springs, Colo.)</subfield></datafield><datafield ind1="1" ind2="4" tag="245"><subfield code="a">The avalanche.</subfield></datafield><datafield ind1="1" ind2="3" tag="246"><subfield code="a">Glenwood Avalanche</subfield></datafield><datafield ind1="3" ind2="0" tag="246"><subfield code="a">Avalanche in it</subfield></datafield><datafield ind1=" " ind2=" " tag="260"><subfield code="a">Glenwood Springs, Colo. :</subfield><subfield code="b">H.J. Holmes</subfield></datafield><datafield ind1=" " ind2=" " tag="300"><subfield code="a">v.</subfield></datafield><datafield ind1=" " ind2=" " tag="310"><subfield code="a">Daily (except Mon.)</subfield></datafield><datafield ind1="0" ind2=" " tag="362"><subfield code="a">Vol. 2, no. 1 (May 6, 1892)-</subfield></datafield><datafield ind1="1" ind2=" " tag="362"><subfield code="a">Ceased in 1900?</subfield></datafield><datafield ind1=" " ind2=" " tag="500"><subfield code="a">Published as: Avalanche in it, May 6, 1892-June 10, 1893, and: Jan. 7, 1897-&lt;1900&gt;.</subfield></datafield><datafield ind1=" " ind2=" " tag="500"><subfield code="a">"In it" appears in small print in lower right hand corner of masthead.</subfield></datafield><datafield ind1=" " ind2=" " tag="530"><subfield code="a">Available on microfilm from the Colorado Historical Society.</subfield></datafield><datafield ind1=" " ind2=" " tag="580"><subfield code="a">Weekly ed.: Avalanche echo.</subfield></datafield><datafield ind1=" " ind2=" " tag="752"><subfield code="a">United States</subfield><subfield code="b">Colorado</subfield><subfield code="c">Garfield</subfield><subfield code="d">Glenwood Springs.</subfield></datafield><datafield ind1="1" ind2=" " tag="775"><subfield code="t">Avalanche echo</subfield><subfield code="w">(DLC)sn 91052099</subfield></datafield><datafield ind1="0" ind2="0" tag="785"><subfield code="t">Daily avalanche</subfield><subfield code="w">(DLC)sn 91052098</subfield></datafield></record>